@misc{webcitation,
	author = {{e-solution: VGTU ITSC \& Gaumina}},
	title = {{VILNIUS TECH - Vilniaus Gedimino technikos universitetas}},
	url = {https://vilniustech.lt/},
	year = {2022},
}

@article{articlecitation,
	author = {Paskin, N.},
	doi = {10.1109/5.771073},
	journal = {Proceedings of the IEEE},
	number = {7},
	pages = {1208--1227},
	title = {{Toward unique identifiers}},
	volume = {87},
	year = {1999},
}

@book{bookcitation,
	author = {{Lopez PH.D.}, Associate Professor Department of Psychology and Research in Education Shane J and Ph.D., Snyder Of Psychology And Director Of The Graduate Clinical Psychology Training},
	edition = {1st},
	publisher = {American Psychological Association (APA)},
	title = {{Positive Psychological Assessment: A Handbook of Models and Measures}},
	year = {2022},
}