@book{goransson2016software,
  title={Software defined networks: a comprehensive approach},
  author={Goransson, Paul and Black, Chuck and Culver, Timothy},
  year={2016},
  publisher={Morgan Kaufmann}
}

@article{dabbagh2015software,
  title={Software-defined networking security: pros and cons},
  author={Dabbagh, Mehiar and Hamdaoui, Bechir and Guizani, Mohsen and Rayes, Ammar},
  journal={IEEE Communications Magazine},
  volume={53},
  number={6},
  pages={73--79},
  year={2015},
  publisher={IEEE}
}

@article{kreutz2014software,
  title={Software-defined networking: A comprehensive survey},
  author={Kreutz, Diego and Ramos, Fernando MV and Verissimo, Paulo Esteves and Rothenberg, Christian Esteve and Azodolmolky, Siamak and Uhlig, Steve},
  journal={Proceedings of the IEEE},
  volume={103},
  number={1},
  pages={14--76},
  year={2014},
  publisher={Ieee}
}

@article{yan2015software,
  title={Software-defined networking (SDN) and distributed denial of service (DDoS) attacks in cloud computing environments: A survey, some research issues, and challenges},
  author={Yan, Qiao and Yu, F Richard and Gong, Qingxiang and Li, Jianqiang},
  journal={IEEE communications surveys \& tutorials},
  volume={18},
  number={1},
  pages={602--622},
  year={2015},
  publisher={IEEE}
}