@techreport{freier2011secure,
  title={RFC6101: The secure sockets layer (SSL) protocol version 3.0},
  author={Freier, Alan and Karlton, Philip and Kocher, Paul},
  year={2011},
  shorthand = {RFC6101}
}
@techreport{rescorla2018transport,
  title={RFC8446: The transport layer security (TLS) protocol version 1.3},
  author={Rescorla, Eric},
  year={2018},
  shorthand = {RFC8446}
}
@techreport{housley1999rfc2459,
  title={RFC2459: Internet X. 509 public key infrastructure certificate and CRL profile},
  author={Housley, Russell and Ford, Warwick and Polk, W and Solo, David},
  year={1999},
  publisher={RFC Editor}
}
